@techreport{de1991dialectica,
  title={The dialectica categories},
  author={De Paiva, Valeria Correa Vaz},
  year={1991},
  institution={University of Cambridge, Computer Laboratory}
}

@misc{nlab:natural_deduction,
  author = {{nLab authors}},
  title = {natural deduction},
  howpublished = {\url{https://ncatlab.org/nlab/show/natural+deduction}},
  note = {\href{https://ncatlab.org/nlab/revision/natural+deduction/43}{Revision 43}},
  month = may,
  year = 2025
}

@article{kellison2025bean,
  title={Bean: A Language for Backward Error Analysis},
  author={Kellison, Ariel E and Zielinski, Laura and Bindel, David and Hsu, Justin},
  journal={arXiv preprint arXiv:2501.14550},
  year={2025}
}

@misc{nlab:lens,
  author = {{nLab authors}},
  title = {lens},
  howpublished = {\url{https://ncatlab.org/nlab/show/lens+\%28in+computer+science\%29}},
  note = {\href{https://ncatlab.org/nlab/revision/lens+\%28in+computer+science\%29/44}{Revision 44}},
  month = may,
  year = 2025
}
